@misc{who_tobacco,
  author = {{World Health Organization}},
  title  = {Tobacco},
  year   = {2023},
  url    = {https://www.who.int/news-room/fact-sheets/detail/tobacco},
  note   = {Accessed: 2024-11-04}
}

@book{hhs_smoking_2014,
  author    = {{U.S. Department of Health and Human Services}},
  title     = {The Health Consequences of Smoking—50 Years of Progress: A Report of the Surgeon General},
  year      = {2014},
  publisher = {{U.S. Department of Health and Human Services, Centers for Disease Control and Prevention, National Center for Chronic Disease Prevention and Health Promotion, Office on Smoking and Health}},
  address   = {Atlanta},
  url       = {https://www.ncbi.nlm.nih.gov/books/NBK179276/pdf/Bookshelf_NBK179276.pdf},
  note      = {Accessed: 2024-04-24}
}

@article{taylor2019smoking,
  author    = {Taylor, Gemma M. J. and Munafò, Marcus R.},
  title     = {Does smoking cause poor mental health?},
  journal   = {The Lancet Psychiatry},
  year      = {2019},
  volume    = {6},
  number    = {1},
  pages     = {2--3},
  publisher = {Elsevier},
  doi       = {10.1016/S2215-0366(18)30459-0},
  url       = {https://doi.org/10.1016/S2215-0366(18)30459-0},
  note      = {Accessed: 2024-11-04}
}

@misc{NCI_pack_year,
  author = {{National Cancer Institute}},
  title  = {Definition of Pack Year},
  year   = {2024},
  url    = {https://www.cancer.gov/publications/dictionaries/cancer-terms/def/pack-year},
  note   = {Accessed: 2025-04-29}
}

@article{park2015correlation,
  author  = {Park, Myung Bae and Nam, Eun Woo and Lee, Seon Kui and Kim, Chun-Bae and Ranabhat, Chhabi},
  title   = {The Correlation of Different Cotinine Levels With Questionnaire Results: A Comparative Study for Different Measurement Methods of the Adolescent Smoking Rate in Korea},
  journal = {Asia-Pacific Journal of Public Health},
  volume  = {27},
  number  = {5},
  pages   = {542--550},
  year    = {2015},
  month   = {7},
  doi     = {10.1177/1010539514565447},
  pmid    = {25556217},
  note    = {Epub 2015 Jan 1}
}

@article{cdc2019_smoking,
  author  = {{Centers for Disease Control and Prevention}},
  title   = {Disparities in Adult Cigarette Smoking — United States, 2018},
  journal = {Preventing Chronic Disease},
  year    = {2019},
  volume  = {16},
  pages   = {180553},
  doi     = {10.5888/pcd16.180553},
  url     = {https://www.cdc.gov/pcd/issues/2019/18_0553.htm},
  note    = {Accessed: 2024-11-04}
}

@article{doi:10.2105/AJPH.41.3.279,
  author  = {Dawber, Thomas R. and Meadors, Gilcin F. and Moore, Felix E.},
  title   = {Epidemiological Approaches to Heart Disease: The Framingham Study},
  journal = {American Journal of Public Health and the Nations Health},
  volume  = {41},
  number  = {3},
  pages   = {279-286},
  year    = {1951},
  doi     = {10.2105/AJPH.41.3.279},
  note    = {PMID: 14819398},
  url     = {https://doi.org/10.2105/AJPH.41.3.279},
  eprint  = {https://doi.org/10.2105/AJPH.41.3.279}
}

@article{malta2018machine,
  title     = {Machine learning identifies stemness features associated with oncogenic dedifferentiation},
  author    = {Malta, Tathiane M and Sokolov, Artem and Gentles, Andrew J and Burzykowski, Tomasz and Poisson, Laila and Weinstein, John N and Kami{\'n}ska, Bo{\.z}ena and Huelsken, Joerg and Omberg, Larsson and Gevaert, Olivier and others},
  journal   = {Cell},
  volume    = {173},
  number    = {2},
  pages     = {338--354},
  year      = {2018},
  publisher = {Elsevier}
}

@article{adorjan2002tumour,
  title     = {Tumour class prediction and discovery by microarray-based DNA methylation analysis},
  author    = {Adorj{\'a}n, P{\'e}ter and Distler, J{\"u}rgen and Lipscher, Evelyne and Model, Fabian and M{\"u}ller, J{\"u}rgen and Pelet, C{\'e}cile and Braun, Aron and Florl, Andrea R and G{\"u}tig, David and Grabs, Gabi and others},
  journal   = {Nucleic acids research},
  volume    = {30},
  number    = {5},
  pages     = {e21--e21},
  year      = {2002},
  publisher = {Oxford University Press}
}

@article{dogan2018integrated,
  title     = {Integrated genetic and epigenetic prediction of coronary heart disease in the Framingham Heart Study},
  author    = {Dogan, Meeshanthini V and Grumbach, Isabella M and Michaelson, Jacob J and Philibert, Robert A},
  journal   = {PloS one},
  volume    = {13},
  number    = {1},
  pages     = {e0190549},
  year      = {2018},
  publisher = {Public Library of Science San Francisco, CA USA}
}

@article{liu2008exploratory,
  title     = {Exploratory undersampling for class-imbalance learning},
  author    = {Liu, Xu-Ying and Wu, Jianxin and Zhou, Zhi-Hua},
  journal   = {IEEE Transactions on Systems, Man, and Cybernetics, Part B (Cybernetics)},
  volume    = {39},
  number    = {2},
  pages     = {539--550},
  year      = {2008},
  publisher = {IEEE}
}

@article{zou2005regularization,
  title     = {Regularization and variable selection via the elastic net},
  author    = {Zou, Hui and Hastie, Trevor},
  journal   = {Journal of the Royal Statistical Society Series B: Statistical Methodology},
  volume    = {67},
  number    = {2},
  pages     = {301--320},
  year      = {2005},
  publisher = {Oxford University Press}
}

@article{hoerl1970ridge,
  title     = {Ridge regression: Biased estimation for nonorthogonal problems},
  author    = {Hoerl, Arthur E and Kennard, Robert W},
  journal   = {Technometrics},
  volume    = {12},
  number    = {1},
  pages     = {55--67},
  year      = {1970},
  publisher = {Taylor \& Francis}
}

@article{tibshirani1996regression,
  title     = {Regression shrinkage and selection via the lasso},
  author    = {Tibshirani, Robert},
  journal   = {Journal of the Royal Statistical Society Series B: Statistical Methodology},
  volume    = {58},
  number    = {1},
  pages     = {267--288},
  year      = {1996},
  publisher = {Oxford University Press}
}

@article{lu2019dna,
  title   = {DNA methylation GrimAge strongly predicts lifespan and healthspan},
  author  = {Lu, Ake T and Quach, Austin and Wilson, James G and Reiner, Alex P and Aviv, Abraham and Raj, Kenneth and Hou, Lifang and Baccarelli, Andrea A and Li, Yun and Stewart, James D and others},
  journal = {Aging (albany NY)},
  volume  = {11},
  number  = {2},
  pages   = {303},
  year    = {2019}
}

@article{lu2022dna,
  title   = {DNA methylation GrimAge version 2},
  author  = {Lu, Ake T and Binder, Alexandra M and Zhang, Joshua and Yan, Qi and Reiner, Alex P and Cox, Simon R and Corley, Janie and Harris, Sarah E and Kuo, Pei-Lun and Moore, Ann Z and others},
  journal = {Aging (Albany NY)},
  volume  = {14},
  number  = {23},
  pages   = {9484},
  year    = {2022}
}